<record><leader>00000cas a22000007a 4500</leader><controlfield tag="001">11932950</controlfield><controlfield tag="008">850417d18851901wiucr ne      0    0eng d</controlfield><datafield ind1=" " ind2=" " tag="010"><subfield code="a">sn 85040529 </subfield></datafield><datafield ind1=" " ind2=" " tag="040"><subfield code="a">NPV</subfield><subfield code="b">eng</subfield><subfield code="c">NPV</subfield><subfield code="d">OCLCQ</subfield></datafield><datafield ind1=" " ind2=" " tag="042"><subfield code="a">msc</subfield></datafield><datafield ind1="0" ind2=" " tag="130"><subfield code="a">Commonwealth (Fond du Lac, Wis.)</subfield></datafield><datafield ind1="1" ind2="4" tag="245"><subfield code="a">The commonwealth.</subfield></datafield><datafield ind1=" " ind2=" " tag="260"><subfield code="a">Fond du Lac, Wis. :</subfield><subfield code="b">Commonwealth Print. Co.,</subfield><subfield code="c">1885-1901.</subfield></datafield><datafield ind1=" " ind2=" " tag="300"><subfield code="a">18 v. :</subfield><subfield code="b">ill.</subfield></datafield><datafield ind1=" " ind2=" " tag="310"><subfield code="a">Semiweekly</subfield></datafield><datafield ind1=" " ind2=" " tag="321"><subfield code="a">Weekly,</subfield><subfield code="b">Apr. 3, 1885-Nov. 12, 1897</subfield></datafield><datafield ind1="0" ind2=" " tag="362"><subfield code="a">Vol. 32, no. 33 (Apr. 3, 1885)-v. 49, no. 2 (Aug. 2, 1901) = whole no. 1645-whole no. 5777.</subfield></datafield><datafield ind1=" " ind2=" " tag="580"><subfield code="a">Also published in daily ed. with title: The Daily commonwealth.</subfield></datafield><datafield ind1=" " ind2=" " tag="752"><subfield code="a">United States</subfield><subfield code="b">Wisconsin</subfield><subfield code="c">Fond du Lac</subfield><subfield code="d">Fond du Lac.</subfield></datafield><datafield ind1="1" ind2=" " tag="775"><subfield code="t">Daily commonwealth (Fond du Lac, Wis. : 1885)</subfield><subfield code="w">(DLC)sn 85040536</subfield></datafield><datafield ind1="0" ind2="0" tag="780"><subfield code="t">Fond du Lac commonwealth</subfield><subfield code="w">(DLC)sn 85040528</subfield></datafield><datafield ind1="0" ind2="0" tag="785"><subfield code="t">Commonwealth and the commercial</subfield><subfield code="w">(DLC)sn 85040530</subfield></datafield></record>